@article{NASIRTAFRESHI2022,
title = {Forecasting cryptocurrency prices using Recurrent Neural Network and Long Short-term Memory},
journal = {Data \& Knowledge Engineering},
volume = {139},
pages = {102009},
year = {2022},
doi = {https://doi.org/10.1016/j.datak.2022.102009},
author = {I. Nasirtafreshi}
}

@INPROCEEDINGS{kumar23,
  author={Kumar T, Vijaya and Santhi, S. and Shanthi, K. G. and M, Gokila},
  booktitle={2023 2nd International Conference on Applied Artificial Intelligence and Computing (ICAAIC)}, 
  title={Cryptocurrency Price Prediction using LSTM and Recurrent Neural Networks}, 
  year={2023},
  volume={},
  number={},
  pages={1-5},
  doi={10.1109/ICAAIC56838.2023.10141048}}

@Article{seable23,
AUTHOR = {Seabe, Phumudzo Lloyd and Moutsinga, Claude Rodrigue Bambe and Pindza, Edson},
TITLE = {Forecasting Cryptocurrency Prices Using LSTM, GRU, and Bi-Directional LSTM: A Deep Learning Approach},
JOURNAL = {Fractal and Fractional},
VOLUME = {7},
YEAR = {2023},
NUMBER = {2},
DOI = {10.3390/fractalfract7020203}
}

@inproceedings{hitam2021,
  title={The effect of Kernel functions on cryptocurrency prediction using support vector machines},
  author={Hitam, Nor Azizah and Ismail, Amelia Ritahani and Samsudin, Ruhaidah and Alkhammash, Eman H},
  booktitle={International Conference of Reliable Information and Communication Technology},
  pages={319--332},
  year={2021},
  organization={Springer}
}

@article{andrianto17,
  title={The effect of cryptocurrency on investment portfolio effectiveness},
  author={Andrianto, Yanuar and Diputra, Yoda},
  journal={Journal of finance and accounting},
  volume={5},
  number={6},
  pages={229--238},
  year={2017}
}

@article{saad19,
  title={Toward characterizing blockchain-based cryptocurrencies for highly accurate predictions},
  author={Saad, Muhammad and Choi, Jinchun and Nyang, DaeHun and Kim, Joongheon and Mohaisen, Aziz},
  journal={IEEE Systems Journal},
  volume={14},
  number={1},
  pages={321--332},
  year={2019},
  publisher={IEEE}
}

@article{chowdhury20,
  title={An approach to predict and forecast the price of constituents and index of cryptocurrency using machine learning},
  author={Chowdhury, Reaz and Rahman, M Arifur and Rahman, M Sohel and Mahdy, MRC},
  journal={Physica A: Statistical Mechanics and its Applications},
  volume={551},
  pages={124569},
  year={2020},
  publisher={Elsevier}
}

@article{derbentsev21,
  title={Comparative performance of machine learning ensemble algorithms for forecasting cryptocurrency prices},
  author={Derbentsev, V and Babenko, V and Khrustalev, KIRILL and Khrustalova, S and Obruch, H},
  journal={International Journal of Engineering, Transactions A: Basics},
  volume={34},
  number={1},
  pages={140--148},
  year={2021},
  publisher={Materials and Energy Research Center}
}

@ARTICLE{Alb05,
  author = {Albiston, Catherine R.},
  year = 2005,
  title = {Bargaining in the Shadow of Social Institutions: Competing Discourses and Social Change in the Workplace Mobilization of Civil Rights},
  journal = {Law and Society Review},
  volume = 39,
  number = 1,
  pages = {11--47},
  doi = {10.1111/j.0023-9216.2005.00076.x}}

@ARTICLE{Blair1977,
  author = 	{Blair, Walter},
  year = 	1977,
  title = 	{Americanized Comic Braggarts},
  journal = {Critical Inquiry},
  volume = 	4,
  number = 	2,
  pages = 	{331--349},
  doi = {10.1086/447940}}
